@InProceedings{Sun2021cvpr,
    author    = {Sun, Baoli and Ye, Xinchen and Li, Baopu and Li, Haojie and Wang, Zhihui and Xu, Rui},
    title     = {Learning Scene Structure Guidance via Cross-Task Knowledge Transfer for Single Depth Super-Resolution},
    booktitle = {{IEEE} Conference on Computer Vision and Pattern Recognition},
    year      = {2021},
    pages     = {7792-7801}
}