@inproceedings{bhat2021adabins,
  title={Adabins: Depth estimation using adaptive bins},
  author={Bhat, Shariq Farooq and Alhashim, Ibraheem and Wonka, Peter},
  booktitle={Proceedings of the IEEE/CVF Conference on Computer Vision and Pattern Recognition},
  pages={4009--4018},
  year={2021}
}