@article{DBLP:journals/tip/YeSWYXLL20,
  author    = {Xinchen Ye and
               Baoli Sun and
               Zhihui Wang and
               Jingyu Yang and
               Rui Xu and
               Haojie Li and
               Baopu Li},
  title     = {PMBANet: Progressive Multi-Branch Aggregation Network for Scene Depth
               Super-Resolution},
  journal   = {IEEE Transactions on Image Processing},
  volume    = {29},
  pages     = {7427--7442},
  year      = {2020},
}